<?xml version="1.0" encoding="UTF-8"?><collection xmlns="http://www.loc.gov/MARC21/slim"><record><leader>00307nam--2200121-i-4500</leader><controlfield tag="001">000003692</controlfield><controlfield tag="002">20161230</controlfield><controlfield tag="005">20161230201025</controlfield><controlfield tag="008">060222s1000------------r-----000-0-eng-d</controlfield><datafield ind1=" " ind2=" " tag="100"><subfield code="a">Boll, Marcel</subfield></datafield><datafield ind1=" " ind2=" " tag="245"><subfield code="a">Expose electronique des lois de l`electricite</subfield></datafield><datafield ind1=" " ind2=" " tag="260"><subfield code="a">Paris, Ed, Hermann 1932. 72 P</subfield></datafield><datafield ind1=" " ind2=" " tag="852"><subfield code="a">4733</subfield></datafield></record></collection>